@InBook{Orlarey2009,
  Title                    = {New Computational Paradigms for Computer Music},
  Author                   = {Yann Orlarey and St\'ephane Letz and Dominique Fober},
  Chapter                  = {``{Faust}: an Efficient Functional Approach to {DSP} Programming''},
  Editor                   = {Gerard Assayag},
  Publisher                = {Delatour},
  Year                     = {2009},

  Address                  = {Paris, France}
}