
@book{nelson1991activea,
  title = {Active Control of Sound},
  publisher = {{Academic press}},
  author = {Nelson, Philip A. and Elliott, Stephen J.},
  year = {1991}
}

@book{elliott2000signal,
  title = {Signal Processing for Active Control},
  publisher = {{Elsevier}},
  author = {Elliott, Stephen},
  year = {2000}
}

@inproceedings{salze2019new,
  title = {A New {{MEMS}} Microphone Array for the Wavenumber Analysis of Wall-Pressure Fluctuations: Application to the Modal Investigation of a Ducted Low-{{Mach}} Number Stage},
  shorttitle = {A New {{MEMS}} Microphone Array for the Wavenumber Analysis of Wall-Pressure Fluctuations},
  booktitle = {25th {{AIAA}}/{{CEAS Aeroacoustics Conference}}},
  author = {Salze, Edouard and Jondeau, Emmanuel and Pereira, Antonio and Prigent, Simon L. and Bailly, Christophe},
  year = {2019},
  pages = {2574},
  file = {/media/sekisushai/Sekisushai/Bibliotheque/papers/Salze et al. - 2019 - A new MEMS microphone array for the wavenumber analysis of wall-pressure fluctuations application to the modal investigation of a ducted low-Mach number stage.pdf}
}


